<record><leader>00000cas a22000007a 4500</leader><controlfield tag="001">10957295</controlfield><controlfield tag="008">840717d19831989cauer ne      0   a0eng d</controlfield><datafield ind1=" " ind2=" " tag="010"><subfield code="a">sn 84008815 </subfield></datafield><datafield ind1=" " ind2=" " tag="040"><subfield code="a">NSD</subfield><subfield code="b">eng</subfield><subfield code="c">NSD</subfield><subfield code="d">UNP</subfield><subfield code="d">UBY</subfield><subfield code="d">OCLCQ</subfield><subfield code="d">OCLCF</subfield><subfield code="d">OCLCO</subfield></datafield><datafield ind1=" " ind2=" " tag="012"><subfield code="m">1</subfield></datafield><datafield ind1=" " ind2=" " tag="019"><subfield code="a">173700666</subfield></datafield><datafield ind1="1" ind2=" " tag="022"><subfield code="a">8750-054X</subfield><subfield code="l">8750-054X</subfield><subfield code="2">1</subfield></datafield><datafield ind1="1" ind2=" " tag="029"><subfield code="a">AU@</subfield><subfield code="b">000025827023</subfield></datafield><datafield ind1=" " ind2=" " tag="032"><subfield code="a">723530</subfield><subfield code="b">USPS</subfield></datafield><datafield ind1=" " ind2=" " tag="037"><subfield code="b">Latter-Day Sentinel Newspapers, 9715 Rose St., Bellflower, CA 90706</subfield></datafield><datafield ind1=" " ind2=" " tag="042"><subfield code="a">nsdp</subfield></datafield><datafield ind1=" " ind2=" " tag="043"><subfield code="a">n-us-ca</subfield></datafield><datafield ind1=" " ind2="4" tag="050"><subfield code="a">AN2.C2</subfield><subfield code="b">L37</subfield></datafield><datafield ind1="0" ind2=" " tag="130"><subfield code="a">Latter-Day sentinel (Cerritos, Calif.)</subfield></datafield><datafield ind1=" " ind2="0" tag="222"><subfield code="a">Latter-Day sentinel</subfield></datafield><datafield ind1="1" ind2="0" tag="245"><subfield code="a">Latter-Day sentinel.</subfield></datafield><datafield ind1=" " ind2=" " tag="260"><subfield code="a">Cerritos, CA :</subfield><subfield code="b">Latter-Day Sentinel Newspapers</subfield></datafield><datafield ind1=" " ind2=" " tag="300"><subfield code="a">v. :</subfield><subfield code="b">ill. ;</subfield><subfield code="c">38 cm.</subfield></datafield><datafield ind1=" " ind2=" " tag="310"><subfield code="a">Biweekly</subfield></datafield><datafield ind1="1" ind2=" " tag="362"><subfield code="a">Began in 1983; ceased in Sept. 1989.</subfield></datafield><datafield ind1=" " ind2=" " tag="500"><subfield code="a">"Unifying the ... Mormons in southern California."</subfield></datafield><datafield ind1=" " ind2=" " tag="588"><subfield code="a">Description based on: Vol. 1, no. 13 (Feb. 17, 1984).</subfield></datafield><datafield ind1=" " ind2="0" tag="650"><subfield code="a">Mormons</subfield><subfield code="z">California</subfield><subfield code="v">Periodicals.</subfield></datafield><datafield ind1=" " ind2="7" tag="655"><subfield code="a">Periodicals.</subfield><subfield code="2">fast</subfield><subfield code="0">(OCoLC)fst01411641</subfield></datafield><datafield ind1=" " ind2="7" tag="650"><subfield code="a">Mormons.</subfield><subfield code="2">fast</subfield><subfield code="0">(OCoLC)fst01026314</subfield></datafield><datafield ind1=" " ind2="7" tag="651"><subfield code="a">California.</subfield><subfield code="2">fast</subfield><subfield code="0">(OCoLC)fst01204928</subfield></datafield><datafield ind1=" " ind2=" " tag="752"><subfield code="a">United States</subfield><subfield code="b">California</subfield><subfield code="c">Los Angeles</subfield><subfield code="d">Cerritos.</subfield></datafield><datafield ind1=" " ind2=" " tag="936"><subfield code="a">Feb. 17, 1984</subfield></datafield></record>